@book{riehl2017category,
  title={Category Theory in Context},
  author={Riehl, E.},
  isbn={9780486820804},
  series={Aurora: Dover Modern Math Originals},
  url={https://books.google.co.uk/books?id=6B9MDgAAQBAJ},
  year={2017},
  publisher={Dover Publications}
}

@phdthesis{Beck1967TriplesAlgebras,
  title        = {Triples, Algebras and Cohomology},
  author       = {Jonathan Mock Beck},
  year         = 1967,
  school       = {Columbia University},
  keywords     = {Cotriple cohomology, Beck modules},
  msc          = {18C15, 18C20},
  note         = {Republished in: Reprints in Theory and Applications of Categories, No. 2 (2003), pp. 1-59},
  url_dvi      = {http://www.tac.mta.ca/tac/reprints/articles/2/tr2.dvi},
  url_ps       = {http://www.tac.mta.ca/tac/reprints/articles/2/tr2.ps},
  url_pdf      = {http://www.tac.mta.ca/tac/reprints/articles/2/tr2.pdf}
}
