@book{weibel1994homological,
  title={An Introduction to Homological Algebra},
  author={Weibel, Charles A.},
  year={1994},
  publisher={Cambridge University Press},
  address={Cambridge, UK},
  series={Cambridge Studies in Advanced Mathematics},
  volume={38},
  isbn={978-0-521-55987-4},
}

@misc{Monnet2021,
  author = {Monnet, Sebastian},
  title = {Homological Algebra},
  howpublished = {Lecture Notes},
  note = {Based on lectures by Kobi Kremnitzer},
  year = {2021},
  month = {October},
  url = {https://courses.maths.ox.ac.uk/pluginfile.php/95217/mod_resource/content/1/Homological_Algebra%20%2813%29.pdf}
}

@book{CartanEilenberg1956,
  author    = {Cartan, Henri and Eilenberg, Samuel},
  title     = {Homological Algebra},
  publisher = {Princeton University Press},
  year      = {1956},
  address   = {Princeton, NJ},
  isbn      = {9780691079239}
}

@book{jacobson1979lie,
  title={Lie Algebras},
  author={Jacobson, N.},
  isbn={9780486638324},
  lccn={79052006},
  series={Dover books on advanced mathematics},
  url={https://books.google.co.uk/books?id=hPE1Mmm7SFMC},
  year={1979},
  publisher={Dover}
}

@misc{Jansen2016LieAlgebraCohomology,
  title={Lie Algebra Cohomology},
  author={Jansen, Mikala Orsnes},
  year={2016},
  school={University of Copenhagen},
  address={Copenhagen},
  type={Master's Thesis},
  note={Advised by Dustin Tate Clausen}
}
